@Book{mccu:sear:2001,
  author = {McCulloch, C. and Searle, S.},
  title =  {Generalized, Linear, and Mixed Models},
  publisher = {John Wiley and Sons, New York},
  year =  {2001},
}

@Book{agresti:catdat,
  author = {Agresti, Alan},
  title =  {Categorical Data Analysis},
  publisher = {John Wiley and Sons, New York},
  year =  {2002},
}

@Book{geyer:1990,
  author = {C.J. Geyer},
  title =  {Likelihood and Exponential Families},
  publisher = {PhD thesis, University of Washington},
  year =  {1990},
}
 
@Book{mcc:nelder:1989,
  author = {P. McCullagh  and J.A. Nelder},
  title =  {Generalized Linear Models},
  publisher = {Chapman and Hall/CRC.},
  year =  {1989},
}


@article{mccu:1997,
 author = {C.E. McCulloch},
 title = {Maximum Likelihood algorithms for generalized linear mixed models },
 journal = {Journal of the American Statistical Association},
 year = {1997},
 volume = {92},
 pages = {162--170}
}


@article{bres:whither:1993,
 author = {Norman Breslow},
 title = {Whither {PQL}? (preprint) },
 journal = {UW Biostatistics Working Paper Series},
 year = {1993},
 volume = {192},
 pages = {ii--xix}
}

@article{kuk:cheng:1997,
 author = {Kuk, A.Y.C. and Cheng, Y.W.},
 title = {The {M}onte {C}arlo {N}ewton-{R}aphson algorithm},
 journal = {Journal of Statistical Computation and Simulation},
 year = {1997},
 volume = {59},
 pages = {233--250}
}

@article{kuk:cheng:1999,
 author = {Kuk, A.Y.C. and Cheng, Y.W.},
 title = {Pointwise and function approximations in {M}onte {C}arlo maximum likelihood estimation},
 journal = {Statistics and Computing},
 year = {1999},
 volume = {9},
 pages = {91--99}
}

@article{geyer:1994,
 author = {Charles J. Geyer},
 title = {On the Convergence of {M}onte {C}arlo Maximum Likelihood Calculations},
 journal = {Journal of the Royal Statistical Society, Series B},
 year = {1994},
 volume = {61},
 pages = {261--274}
}


@article{geyer:thom:1992,
 author = {Charles J. Geyer and E.A. Thompson},
 title = {Constrained {M}onte {C}arlo Maximum Likelihood for dependent data},
 journal = {Journal of the Royal Statistical Society, Series B},
 year = {1992},
 volume = {54},
 pages = {657--699}
}

@article{thom:guo:1991,
 author = { E.A. Thompson and S.W. Guo},
 title = {Evaluation of likelihood ratios for complex genetic models},
 journal = {IMA J. Math. Appl. Med. Biol},
 year = {1991},
 volume = {8},
 pages = {149--169}
}

@article{liang:zeger:1986,
 author = { K.Y. Liang and S.L. Zeger},
 title = {Longitudinal data-analysis using generalized linear models},
 journal = {Biometrika},
 year = {1986},
 volume = {73},
 pages = {13--22}
}

@article{karim:zeger:1992,
 author = { M.R. Karim and S.L. Zeger},
 title = { generalized linear models with random effects; salamander mating revisited},
 journal = {Biometrics},
 year = {1992},
 volume = {48},
 pages = {631--644}
}

@article{sung:geyer:2007,
 author = {Yun Ju Sung and Charles J. Geyer},
 title = { {M}onte {C}arlo  Likelihood inference for missing data models},
 journal = {Annals of Statistics},
 year = {2007},
 volume = {35},
 pages = {990--1011}
}

@article{gelf:carl:1993,
 author = {A. Gelfand and B. Carlin},
 title = {Maximum-Likelihood estimation for constrained- or missing-data models},
 journal = {Canadian Journal of Statistics},
 year = {1993},
 volume = {21},
 pages = {303--311}
}

@article{booth:hobert:1999,
 author = {James G. Booth and James P. Hobert},
 title = {Maximizing generalized linear mixed model likelihoods with an automated {M}onte {C}arlo {E}{M} algorithm},
 journal = {Journal of the Royal Statistical Society, Series B},
 year = {1999},
 volume = {61},
 pages = {265--285}
}

@article{bres:clay:1993,
 author = {N.E. Breslow and D.G. Clayton},
 title = {Approximate Inference in Generalized Linear Mixed Models},
 journal = {Journal of the American Statistical Association},
 year = {1993},
 volume = {88},
 pages = {9--25}
}

@article{coull:agresti:2000,
 author = {B.A. Coull and A. Agresti},
 title = {Random effects modeling of multiple binomial responses using the multivariate binomial logit-normal distribution},
 journal = {Biometrics},
 year = {2000},
 volume = {56},
 pages = {73--80}
}

@article{green:1987,
 author = {Green, P.J.},
 title = {Penalized likelihood for general semi-parametric regression models},
 journal = {International Statistical Review},
 year = {1987},
 volume = {55},
 pages = {245--259}
}

@article{schall:1991,
 author = {R. Schall},
 title = {Estimation in generalized linear mixed models with random effects},
 journal = {Biometrika},
 year = {1991},
 volume = {78},
 pages = {719--727}
}

@article{lin:bres:1996,
 author = {X. Lin and N.E. Breslow},
 title = {Bias correction in generalized linear mixed models with multiple components of dispersion},
 journal = {Journal of the American Statistical Association},
 year = {1996},
 volume = {91},
 pages = {1007--1016}
}

@article{bres:lin:1995,
 author = {N.E. Breslow and X.H. Lin},
 title = {Bias correction in generalized linear mixed models with a single component of dispersion},
 journal = {Biometrika},
 year = {1995},
 volume = {82},
 pages = {81--91}
}

@article{seeg:2008,
 author = {Matthias W. Seeger},
 title = {Bayesian Inference and optimal design for the sparse linear model},
 journal = {Journal of Machine Learning Research},
 year = {2008},
 volume = {9},
 pages = {759--813}
}

@article{caffojj:2005,
 author = {B.S. Caffo and W. Jenk and G.L. Jones},
 title = {Ascent-based Monte Carlo EM},
 journal = {Journal of Royal Statistical Society, Series B},
 year = {2005},
 volume = {67},
 pages = {261--274}
}
